<?xml version="1.0" encoding="UTF-8"?><collection xmlns="http://www.loc.gov/MARC21/slim"><record><leader>00356nam--2200133-i-4500</leader><controlfield tag="001">000016810</controlfield><controlfield tag="002">20161230</controlfield><controlfield tag="005">20161230201032</controlfield><controlfield tag="008">060222s1000------------r-----000-0-eng-d</controlfield><datafield ind1=" " ind2=" " tag="100"><subfield code="a">Dumitriu, Severian Si Simionescu, Cristofor I</subfield></datafield><datafield ind1=" " ind2=" " tag="245"><subfield code="a">Enzime</subfield></datafield><datafield ind1=" " ind2=" " tag="260"><subfield code="a">Bucuresti, Ed.Stiin.Si Encicl., 1980</subfield></datafield><datafield ind1=" " ind2=" " tag="490"><subfield code="a">Colectia  Stiinta Pentru Toti</subfield></datafield><datafield ind1=" " ind2=" " tag="852"><subfield code="a">577.15</subfield></datafield></record></collection>